<?xml version="1.0" encoding="UTF-8"?><collection xmlns="http://www.loc.gov/MARC21/slim"><record><leader>00554nam--2200133-i-4500</leader><controlfield tag="001">000000172</controlfield><controlfield tag="002">20161230</controlfield><controlfield tag="005">20161230201023</controlfield><controlfield tag="008">060222s1000------------r-----000-0-eng-d</controlfield><datafield ind1=" " ind2=" " tag="080"><subfield code="a">015:541.1:577.3</subfield></datafield><datafield ind1=" " ind2=" " tag="100"><subfield code="a">Fumanal, Michel</subfield></datafield><datafield ind1=" " ind2=" " tag="245"><subfield code="a">Contribution a l`etude des parametres physico chimiques caracterisant la texture poreuse d`un modele lyophilise et de leur influence sur les interactions entre phases.these</subfield></datafield><datafield ind1=" " ind2=" " tag="260"><subfield code="a">Dijon, Universite De Dijon, Institute De Bilogie Appliquee A La Nutrition Et A L`Alimentation.   75 P. + 23 P.Dif</subfield></datafield><datafield ind1=" " ind2=" " tag="852"><subfield code="a">38190</subfield></datafield></record></collection>